@inbook{flowers,
	author = {单墫},
	title = {平面几何中的小花},
	year = {2012},
	Chapter = {2.10},
	publisher = {华东师范大学出版社},
	address = {上海},
	edition = {Second},
}
